@article{wanglan,
  title={基于自适应交叉和变异概率的遗传算法收敛性研究},
  author={王岚},
  journal={云南师范大学学报(自然科学版)},
  volume={30},
  number={3},
  pages={32-37},
  year={2010},
}

@article{Crassin2011Interactive,
  title={Interactive Indirect Illumination Using Voxel Cone Tracing},
  author={Crassin, Cyril Et Al and Crassin, Cyril and Neyret, Fabrice and Sainz, Miguel and Green, Simon and Eisemann, Elmar and Crassin, Cyril and Neyret, Fabrice and Sainz, Miguel and Green, Simon},
  journal={Computer Graphics Forum},
  volume={30},
  number={7},
  pages={1921-1930},
  year={2011},
}

@inproceedings{Maule2012Memory,
  title={Memory-Efficient Order-Independent Transparency with Dynamic Fragment Buffer},
  author={Maule, Marilena and Comba, Joao L. D. and Torchelsen, Rafael and Rui, Bastos},
  booktitle={Graphics, Patterns and Images},
  pages={134-141},
  year={2012},
}

@inproceedings{InterGPA,
  title={Intel? Graphics Performance Analyzers},
  author={Intel? Corporation},
  note={https://software.intel.com/zhcn/gpa},
  year={Aug 2012},
}

@inproceedings{ApplicationsUsingIntel,
  title={Analyze and Optimize Windows* Game Applications Using Intel? INDE Graphics Performance Analyzers (GPA)},
  author={Praveen K},
  note={https://software.intel.com/enus/android/articles/analyze-and-optimize-windows-game-applications-using-intel-indegraphics-perform},
  year={Jue 2015},
}

@inproceedings{OptimizeYourUnityGames,
  title={Optimize Your Unity* Games with Intel? Graphics Performance Analyzers},
  author={Seth S},
  note={https://software.intel.com/en-us/articles/optimize-your-unity-games-with-intel-graphicsperformance-analyzers},
  year={May 2016},
}

@inproceedings{JX3Game,
  title={Optimizing Kingsoft’s JX3 Online* Using Intel? Graphics Performance Analyzers},
  author={Sheng Guo},
  note={https://software.intel.com/en-us/articles/optimizing-kingsofts-jx3-online-usingintel-graphics-performance-analyzers},
  year={Feb 2012},
}

@inproceedings{GamebryoInfo,
  title={Gamebryo Technology Introduction},
  author={Gamebryo Corporation},
  note={https://www.gamebryo.com},
  year={2018},
}

@inproceedings{OptimizingXuanYuan,
  title={Optimizing XuanYuan with Intel? Graphics Performance Analyzer on Intel R HD Graphics},
  author={Cage Lu, Kiefer Kuah, and Tim Cong},
  note={https://software.intel.com/enus/articles/optimizing-xuanyuan-with-intel-graphics-performance-analyzer-on-intel-hdgraphics}
  year={May 2012},
}

@inproceedings{OptimizingKingofSoldier,
  title={Case study: Optimizing King of Soldier* with Intel? Graphics Performance Analyzers on Intel? HD Graphics 4000},
  author={Cage Lu, Kiefer Kuah, and Yu Nana},
  note={https://software.intel.com/enus/articles/case-study-optimizing-king-of-soldier-with-intel-graphics-performanceanalyzers-on-intel-hd}
  year={June 2012},
}

@inproceedings{OptimizingSplinterCellBlacklist,
  title={Using Intel? Graphics Performance Analyzers to Optimize Splinter Cell*:Blacklist*},
  author={Brad Hill},
  note={https://software.intel.com/en-us/articles/using-intel-graphics-performanceanalyzers-to-optimize-splinter-cell-blacklist}
  year={Dec 2013},
}

@inproceedings{NVIDIANsight,
  title={NVIDIA Nsight},
  author={NVIDIA Corporation},
  note={http://www.nvidia.com/object/nsight.html}
}

@inproceedings{GPUProgrammingGuideGeForce,
  title={GPU Programming Guide GeForce 8 and 9 Series},
  author={NVIDIA Corporation},
  year={Dec 2008},
}

@inproceedings{Nvidiaparallelnsighttm,
  title={Nvidia parallel nsighttm 2.0 and cuda 4.0 for the win},
  author={Jeff Kiel},
  year={2011},
}

@inproceedings{NVIDIAParallelNsight,
  title={NVIDIA Parallel Nsight?},
  author={Jeff Kiel},
  year={2010},
}

@inproceedings{DebuggingMassivelyParallelApplications,
  title={NVIDIA Parallel Nsight: Debugging Massively Parallel Applications},
  author={San Jose},
  year={Mar 2011},
}

@inproceedings{DragonAge,
  title={NVIDIA Parallel Nsight? Accelerating GPU Development in Bioware’s Dragon Age II},
  author={Jeff Kiel and Andreas Papathanasis},
  year={Mar 2011},
}

@inproceedings{AndroidGameswithNVIDIA,
  title={Building Android Games with NVIDIA Nsight: Work Smarter Not Harder},
  author={Anonymous and Simon Morris},
  year={Mar 2013},
}

@inproceedings{NVIDIANsightTegra,
  title={NVIDIA Nsight Tegra},
  author={NVIDIA Corporation},
}

@inproceedings{NVIDIANsightVisualStudioEdition,
  title={NVIDIA Nsight Visual Studio Edition},
  author={NVIDIA Corporation},
  note={https://developer.nvidia.com/nvidia-nsight-visual-studio-edition}
}

@inproceedings{NVIDIANsightUserGuide,
  title={NVIDIA Nsight Visual Studio Edition 5.0 User Guide},
  author={NVIDIA Corporation},
}

@inproceedings{NVIDIANsightCUDA,
  title={Debugging CUDA Kernel Code with NVIDIA NsightVisual Studio Edition},
  author={NVIDIA Corporation},
  year={2013}
}

@inproceedings{Bavoil2009Multi,
  title={Multi-layer dual-resolution screen-space ambient occlusion},
  author={Bavoil, Louis and Sainz, Miguel},
  year={2009},
}

@article{10.2307/115794,
 ISSN = {03701662},
 URL = {http://www.jstor.org/stable/115794},
 author = {Karl Pearson},
 journal = {Proceedings of the Royal Society of London},
 pages = {240--242},
 publisher = {The Royal Society},
 title = {Note on Regression and Inheritance in the Case of Two Parents},
 volume = {58},
 year = {1895}
}

@article{article,
    author = {M. Stigler, Stephen},
    year = {1989},
    month = {05},
    pages = {},
    title = {Francis Galton's Account of the Invention of Correlation},
    volume = {4},
    journal = {Statistical Science},
    doi = {10.1214/ss/1177012580}
}

@article{Chen1996Elements,
  title={Elements of information theory : Tomas M. Cover and Joy A. (Thomas, John Wiley Sons, New York, NY, 1991)},
  author={Chen, Shu Heng},
  journal={Journal of Economic Dynamics Control},
  volume={20},
  number={5},
  pages={819-824},
  year={1996},
}

@article{Battiti1994Using,
  title={Using mutual information for selecting features in supervised neural net learning},
  author={Battiti, R. ,.},
  journal={IEEE Trans Neural Netw},
  volume={5},
  number={4},
  pages={537-550},
  year={1994},
}

@inproceedings{Scheffer2006Proceedings,
  title={Proceedings of the 10th European conference on Principle and Practice of Knowledge Discovery in Databases},
  author={Scheffer, Tobias and Spiliopoulou, Myra},
  booktitle={European Conference on Principle and Practice of Knowledge Discovery in Databases},
  year={2006},
}

@article{Breiman1998Arcing,
  title={Arcing Classifiers},
  author={Breiman, Leo},
  journal={Annals of Statistics},
  volume={26},
  number={3},
  pages={801-824},
  year={1998},
}

@inproceedings{Sebag2003Impact,
  title={Impact studies and sensitivity analysis in medical data mining with ROC-based genetic learning},
  author={Sebag, M. and Aze, J. and Lucas, N.},
  booktitle={IEEE International Conference on Data Mining},
  pages={637},
  year={2003},
}

@inproceedings{Sebag2003ROC,
  title={ROC-Based Evolutionary Learning: Application to Medical Data Mining},
  author={Sebag, Michèle and Azé, Jér?me and Lucas, No?l},
  booktitle={Artificial Evolution,  International Conference, Evolution Artificielle, Ea 2003, Marseilles, France, October},
  pages={384-396},
  year={2003},
}

@article{Maldonado2014Feature,
  title={Feature selection for high-dimensional class-imbalanced data sets using Support Vector Machines},
  author={Maldonado, Sebastián and Weber, Richard and Famili, Fazel},
  journal={Information Sciences},
  volume={286},
  pages={228-246},
  year={2014},
}

@inproceedings{DBLP:journals/jmlr/GuyonACEPSS08,
  author    = {Isabelle Guyon and
               Constantin F. Aliferis and
               Gregory F. Cooper and
               Andr{\'{e}} Elisseeff and
               Jean{-}Philippe Pellet and
               Peter Spirtes and
               Alexander R. Statnikov},
  title     = {Design and Analysis of the Causation and Prediction Challenge},
  booktitle = {Causation and Prediction Challenge at {WCCI} 2008, Hong Kong, June
               1-6, 2008},
  pages     = {1--33},
  year      = {2008},
}

@inproceedings{Zien2009The,
  title={The Feature Importance Ranking Measure},
  author={Zien, Alexander and Kr?mer, Nicole and Sonnenburg, S?ren and R?tsch, Gunnar},
  booktitle={European Conference on Machine Learning and Knowledge Discovery in Databases},
  year={2009},
}

@article{Shnaider2018Relative,
  title={Relative importance of explanatory variables: Traditional method versus soft regression},
  author={Shnaider, Eli and Yosef, Arthur},
  journal={International Journal of Intelligent Systems},
  volume={33},
  number={3},
  year={2018},
}

@article{Thomas1998On,
  title={On Variable Importance in Linear Regression},
  author={Thomas, D. Roland and Hughes, Edward and Zumbo, Bruno D.},
  journal={Social Indicators Research},
  volume={45},
  number={1/3},
  pages={253-275},
  year={1998},
}

@article{Mittlb2015Explained,
  title={Explained variation for logistic regression.},
  author={Mittlb?ck, M and Schemper, M},
  journal={Statistics in Medicine},
  volume={15},
  number={19},
  pages={1987-1997},
  year={2015},
}

@article{Breiman2001Random,
  title={Random Forests},
  author={Breiman, Leo},
  journal={Machine Learning},
  volume={45},
  number={1},
  pages={5-32},
  year={2001},
}

@book{Guyon2006An,
  title={An Introduction to Feature Extraction},
  author={Guyon, Isabelle and Elisseeff, André},
  year={2006},
}

@incollection{NIPS2013_4928,
    title = {Understanding variable importances in forests of randomized trees},
    author = {Louppe, Gilles and Wehenkel, Louis and Sutera, Antonio and Geurts, Pierre},
    booktitle = {Advances in Neural Information Processing Systems 26},
    editor = {C. J. C. Burges and L. Bottou and M. Welling and Z. Ghahramani and K. Q. Weinberger},
    pages = {431--439},
    year = {2013},
    publisher = {Curran Associates, Inc.},
}

@article{Strobl2008Conditional,
  title={Conditional variable importance for random forests},
  author={Strobl, Carolin and Boulesteix, Anne Laure and Kneib, Thomas and Augustin, Thomas and Zeileis, Achim},
  journal={Bmc Bioinformatics},
  volume={9},
  number={1},
  pages={307-307},
  year={2008},
}

@article{Nason2004CARTscans,
  title={CARTscans: A Tool for Visualizing Complex Models},
  author={Nason, Martha and Emerson, Scott and Leblanc, Michael},
  journal={Journal of Computational and Graphical Statistics},
  volume={13},
  number={4},
  pages={807-825},
  year={2004},
}

@article{Hapfelmeier2014A,
  title={A new variable importance measure for random forests with missing data},
  author={Hapfelmeier, Alexander and Hothorn, Torsten and Ulm, Kurt and Strobl, Carolin},
  journal={Statistics and Computing},
  volume={24},
  number={1},
  pages={21-34},
  year={2014},
}

@article{Janitza2013An,
  title={An AUC-based permutation variable importance measure for random forests},
  author={Janitza and Silke and Boulesteix and Anne-Laure and Strobl and Carolin},
  journal={Bmc Bioinformatics},
  volume={14},
  number={1},
  pages={119-119},
  year={2013},
}

@inproceedings{Zhang:2018:AIP:3208159.3208178,
 author = {Zhang, Yanci and Liang, Zi and Li, Xiaoyao and Ren, Wenjie and Liu, Yanli},
 title = {Automatic Identification of Performance Bottleneck for A Complex Rendering System Through Big Data},
 booktitle = {Proceedings of Computer Graphics International 2018},
 series = {CGI 2018},
 year = {2018},
 isbn = {978-1-4503-6401-0},
 location = {Bintan, Island, Indonesia},
 pages = {33--40},
 numpages = {8},
 url = {http://doi.acm.org/10.1145/3208159.3208178},
 doi = {10.1145/3208159.3208178},
 acmid = {3208178},
 publisher = {ACM},
 address = {New York, NY, USA},
 keywords = {Data mining, Performance analysis tree, Performance bottleneck analysis, Variable importance},
}

@article{Cooper2011Happiness,
  title={Happiness across age groups: results from the 2007 National Psychiatric Morbidity Survey},
  author={Cooper, C. ,. and Bebbington, P. ,. and King, M. ,. and Jenkins, R. ,. and Farrell, M. ,. and Brugha, T. ,. and Mcmanus, S. ,. and Stewart, R. ,. and Livingston, G. ,.},
  journal={International Journal of Geriatric Psychiatry},
  volume={26},
  number={6},
  pages={608-614},
  year={2011},
}

@article{Chang2008Feature,
  title={Feature ranking using linear SVM},
  author={Chang, Y. W. and Lin, C. J.},
  year={2008},
}

@article{Gr2015Variable,
  title={Variable importance in regression models},
  author={Gr?mping, Ulrike},
  journal={Wiley Interdisciplinary Reviews Computational Statistics},
  volume={7},
  number={2},
  pages={137-152},
  year={2015},
}
